@article{thain2005distributed,
  title={Distributed computing in practice: the Condor experience},
  author={Thain, Douglas and Tannenbaum, Todd and Livny, Miron},
  journal={Concurrency and computation: practice and experience},
  volume={17},
  number={2-4},
  pages={323--356},
  year={2005},
  publisher={Wiley Online Library}
}

@inproceedings{sandberg1985design,
  title={Design and implementation of the Sun network filesystem},
  author={Sandberg, Russel and Goldberg, David and Kleiman, Steve and Walsh, Dan and Lyon, Bob},
  booktitle={Proceedings of the Summer USENIX conference},
  pages={119--130},
  year={1985}
}

@inproceedings{van2007python,
  title={Python Programming Language.},
  author={Van Rossum, Guido and others},
  booktitle={USENIX Annual Technical Conference},
  volume={41},
  pages={36},
  year={2007}
}

@article{dean2008mapreduce,
  title={MapReduce: simplified data processing on large clusters},
  author={Dean, Jeffrey and Ghemawat, Sanjay},
  journal={Communications of the ACM},
  volume={51},
  number={1},
  pages={107--113},
  year={2008},
  publisher={ACM}
}

@article{zaharia2010spark,
  title={Spark: Cluster Computing with Working Sets.},
  author={Zaharia, Matei and Chowdhury, Mosharaf and Franklin, Michael J and Shenker, Scott and Stoica, Ion},
  journal={HotCloud},
  volume={10},
  number={10-10},
  pages={95},
  year={2010}
}

@inproceedings{rossbach2013dandelion,
  title={Dandelion: a compiler and runtime for heterogeneous systems},
  author={Rossbach, Christopher J and Yu, Yuan and Currey, Jon and Martin, Jean-Philippe and Fetterly, Dennis},
  booktitle={Proceedings of the Twenty-Fourth ACM Symposium on Operating Systems Principles},
  pages={49--68},
  year={2013},
  organization={ACM}
}

@inproceedings{bergstra2013hyperopt,
  title={Hyperopt: A python library for optimizing the hyperparameters of machine learning algorithms},
  author={Bergstra, James and Yamins, Dan and Cox, David D},
  booktitle={Proceedings of the 12th Python in Science Conference},
  pages={13--20},
  year={2013},
  organization={Citeseer}
}

@article{boldi2004ubicrawler,
  title={Ubicrawler: A scalable fully distributed web crawler},
  author={Boldi, Paolo and Codenotti, Bruno and Santini, Massimo and Vigna, Sebastiano},
  journal={Software: Practice and Experience},
  volume={34},
  number={8},
  pages={711--726},
  year={2004},
  publisher={Wiley Online Library}
}